<record xmlns="http://www.loc.gov/MARC21/slim" xmlns:xsi="http://www.w3.org/2001/XMLSchema-instance" xsi:schemaLocation="http://www.loc.gov/MARC21/slim http://www.loc.gov/standards/marcxml/schema/MARC21slim.xsd"><leader>02116nam a2200385   4500</leader><controlfield tag="001">6169884</controlfield><controlfield tag="003">NIC</controlfield><controlfield tag="006">m        d        </controlfield><controlfield tag="007">cr cn |||m|||a</controlfield><controlfield tag="008">150222s1950    ua      o     000 0 ara d</controlfield><datafield ind1=" " ind2=" " tag="040"><subfield code="a">NNU</subfield><subfield code="b">eng</subfield><subfield code="c">NNU</subfield></datafield><datafield ind1=" " ind2="4" tag="050"><subfield code="a">PJ7864.A5</subfield><subfield code="b">S84 1950</subfield></datafield><datafield ind1="1" ind2=" " tag="100"><subfield code="6">880-01</subfield><subfield code="a">Taymu&#772;r, Mah&#803;mu&#772;d,</subfield><subfield code="d">1894-1973.</subfield></datafield><datafield ind1="1" ind2="0" tag="245"><subfield code="6">880-02</subfield><subfield code="a">Suha&#772;d, aw, al-Lah&#803;n al-ta&#772;&#700;ih</subfield><subfield code="h">[electronic resource] :</subfield><subfield code="b">masrah&#803;i&#772;yah &#699;Arabi&#772;yah bi-al-fus&#803;h&#803;a&#772; fi&#772; thala&#772;that fus&#803;u&#772;l /</subfield><subfield code="c">Mah&#803;mu&#772;d Taymu&#772;r.</subfield></datafield><datafield ind1="3" ind2=" " tag="246"><subfield code="6">880-03</subfield><subfield code="a">Suha&#772;d</subfield></datafield><datafield ind1="3" ind2=" " tag="246"><subfield code="6">880-04</subfield><subfield code="a">Lah&#803;n al-ta&#772;&#700;ih</subfield></datafield><datafield ind1=" " ind2=" " tag="250"><subfield code="6">880-05</subfield><subfield code="a">al-T&#803;ab&#699;ah 2.</subfield></datafield><datafield ind1=" " ind2=" " tag="260"><subfield code="6">880-06</subfield><subfield code="a">[al-Qa&#772;hirah] :</subfield><subfield code="b">Maktabat al-A&#772;da&#772;b,</subfield><subfield code="c">1950</subfield><subfield code="e">([al-Qa&#772;hirah] :</subfield><subfield code="f">al-Mat&#803;ba&#699; ah al-Namu&#772;dhaji&#772;yah)</subfield></datafield><datafield ind1=" " ind2=" " tag="300"><subfield code="a">online resource (117 p.)</subfield></datafield><datafield ind1=" " ind2=" " tag="500"><subfield code="a">Play.</subfield></datafield><datafield ind1=" " ind2=" " tag="500"><subfield code="a">Part of the Arabic Collections Online (ACO) project, contributed by Cornell University Libraries.</subfield></datafield><datafield ind1=" " ind2=" " tag="533"><subfield code="a">Electronic reproduction.</subfield><subfield code="b">New York, N.Y. :</subfield><subfield code="c">New York University,</subfield><subfield code="d">2015.</subfield><subfield code="5">NNU</subfield></datafield><datafield ind1="2" ind2=" " tag="710"><subfield code="a">Cornell University.</subfield><subfield code="b">Libraries.</subfield></datafield><datafield ind1="0" ind2=" " tag="730"><subfield code="a">Arabic Collections Online.</subfield></datafield><datafield ind1="0" ind2="8" tag="776"><subfield code="i">Online version:</subfield><subfield code="a">Taymu&#772;r, Mah&#803;mu&#772;d, 1894-1973.</subfield><subfield code="t">Suha&#772;d, aw, al-Lah&#803;n al-ta&#772;&#700;ih.</subfield><subfield code="b">al-T&#803;ab&#699;ah 2.</subfield><subfield code="d">[Cairo] : Maktabat al-A&#772;da&#772;b, 1950 ([al-Qa&#772;hirah] : al-Mat&#803;ba&#699; ah al-Namu&#772;dhaji&#772;yah)</subfield><subfield code="w">(OCoLC)651943733</subfield></datafield><datafield ind1="0" ind2="8" tag="776"><subfield code="i">Print version:</subfield><subfield code="a">Taymu&#772;r, Mah&#803;mu&#772;d, 1894-1973.</subfield><subfield code="t">Suha&#772;d, aw, al-Lah&#803;n al-ta&#772;&#700;ih</subfield><subfield code="w">(NIC)6169884</subfield><subfield code="w">(OCoLC)123338532</subfield></datafield><datafield ind1="4" ind2="0" tag="856"><subfield code="u">http://hdl.handle.net/2333.1/qv9s4q4j</subfield></datafield><datafield ind1="1" ind2=" " tag="880"><subfield code="6">100-01/r</subfield><subfield code="a">&#1578;&#1610;&#1605;&#1608;&#1585;&#1548; &#1605;&#1581;&#1605;&#1608;&#1583;:</subfield><subfield code="d">1894-1973.</subfield></datafield><datafield ind1="1" ind2="0" tag="880"><subfield code="6">245-02/r</subfield><subfield code="a">&#1587;&#1607;&#1575;&#1583;&#1548; &#1571;&#1608;&#1548; &#1575;&#1604;&#1604;&#1581;&#1606; &#1575;&#1604;&#1578;&#1575;&#1574;&#1607; :</subfield><subfield code="b">&#1605;&#1587;&#1585;&#1581;&#1610;&#1577; &#1593;&#1585;&#1576;&#1610;&#1577; &#1576;&#1575;&#1604;&#1601;&#1589;&#1581;&#1609; &#1601;&#1610; &#1579;&#1604;&#1575;&#1579;&#1577; &#1601;&#1589;&#1608;&#1604; /</subfield><subfield code="c">&#1605;&#1581;&#1605;&#1608;&#1583; &#1578;&#1610;&#1605;&#1608;&#1585;..</subfield></datafield><datafield ind1="3" ind2=" " tag="880"><subfield code="6">246-03/r</subfield><subfield code="a">&#1587;&#1607;&#1575;&#1583;</subfield></datafield><datafield ind1="3" ind2=" " tag="880"><subfield code="6">246-04/r</subfield><subfield code="a">&#1604;&#1581;&#1606; &#1575;&#1604;&#1578;&#1575;&#1574;&#1607;</subfield></datafield><datafield ind1=" " ind2=" " tag="880"><subfield code="6">250-05/r</subfield><subfield code="a">&#1575;&#1604;&#1591;&#1576;&#1593;&#1577; &#1634;..</subfield></datafield><datafield ind1=" " ind2=" " tag="880"><subfield code="6">260-06/r</subfield><subfield code="a">[&#1575;&#1604;&#1602;&#1575;&#1607;&#1585;&#1577;] :</subfield><subfield code="b">&#1605;&#1603;&#1578;&#1576;&#1577; &#1575;&#1604;&#1570;&#1583;&#1575;&#1576;&#1548;</subfield><subfield code="c">&#1633;&#1641;&#1637;&#1632;</subfield><subfield code="e">([&#1575;&#1604;&#1602;&#1575;&#1607;&#1585;&#1577;] :</subfield><subfield code="f">&#1575;&#1604;&#1605;&#1591;&#1576;&#1593;&#1577; &#1575;&#1604;&#1606;&#1605;&#1608;&#1584;&#1580;&#1610;&#1577;).</subfield></datafield><datafield ind1=" " ind2=" " tag="959"><subfield code="a">NNU</subfield><subfield code="b">WEB</subfield><subfield code="c">GENI</subfield><subfield code="t">0</subfield><subfield code="m">Electronic access</subfield><subfield code="s">01</subfield></datafield><datafield ind1=" " ind2=" " tag="999"><subfield code="i">NIC_6169884</subfield><subfield code="o">(OCoLC)ocn123338532</subfield><subfield code="s">cornell_aco000187</subfield></datafield></record>